@misc{chan2018lenia,
  title         = {Lenia - Biology of Artificial Life},
  author        = {Bert Wang-Chak Chan},
  year          = {2018},
  eprint        = {1812.05433},
  archiveprefix = {arXiv},
  primaryclass  = {nlin.CG}
}

@online{zucconi_ao,
  title   = {Volumetric Rendering: Ambient Occlusion},
  author  = {Alan Zucconi},
  year    = {2016},
  url     = {https://www.alanzucconi.com/2016/07/01/ambient-occlusion/},
  urldate = {2023-08-22}
}

@online{iquilezles_rmshadows,
  title   = {Soft Shadows in Raymarched SDFs},
  author  = {Inigo Quilez},
  year    = {2010},
  url     = {https://iquilezles.org/articles/rmshadows/},
  urldate = {2023-08-22}
}

@online{iquilezles_distfunctions,
  title   = {Distance Functions},
  author  = {Inigo Quilez},
  url     = {https://iquilezles.org/articles/distfunctions/},
  urldate = {2023-08-22}
}

@online{fotonixx_csg,
  title   = {Rendering Constructive Solid Geometry With Python},
  author  = {Ryan Frazier},
  year    = {2021},
  url     = {https://www.fotonixx.com/posts/efficient-csg/},
  urldate = {2023-08-23}
}

@online{wikimedia_sdf,
  title   = {Visualization of SDF ray marching algorithm},
  author  = {Teadrinker},
  year    = {2021},
  url     = {https://commons.wikimedia.org/wiki/File:Visualization_of_SDF_ray_marching_algorithm.png},
  urldate = {2023-08-23}
}

@online{wikipedia_gol,
  title   = {Conway's Game of Life},
  author  = {Wikipedia},
  url     = {https://en.wikipedia.org/wiki/Conway%27s_Game_of_Life},
  urldate = {2023-08-23}
}

@online{wikipedia_raymarching,
  title   = {Ray marching},
  author  = {Wikipedia},
  url     = {https://en.wikipedia.org/wiki/Ray_marching},
  urldate = {2023-08-23}
}